@book{tuomanen2018hands,
  title={Hands-On GPU Programming with Python and CUDA: Explore high-performance parallel computing with CUDA},
  author={Tuomanen, Brian},
  year={2018},
  publisher={Packt Publishing Ltd}
}
